@misc{giving19,
  author = {CAF},
  title = {{CAF} UK GIVING 2019},
  note = {\url{https://www.cafonline.org/about-us/publications/2019-publications/uk-giving-2019}, accessed on 2022-01-18},
  version = {2.8},
  date = {2022-01-18}
}

@misc{giving20,
  author = {CAF},
  title = {{CAF} UK GIVING 2020},
  note = {\url{https://www.cafonline.org/about-us/publications/2020-publications/uk-giving-2020}, accessed on 2022-01-18},
  version = {2.8},
  date = {2022-01-18}
}

@misc{giving21,
  author = {CAF},
  title = {{CAF} UK GIVING 2021},
  note = {\url{https://www.cafonline.org/about-us/publications/2021-publications/uk-giving-2021}, accessed on 2022-01-18},
  version = {2.8},
  date = {2022-01-18}
}

@misc{trustgov,
  author = {The Charity Commission},
  title = {Public trust in charities has fallen, reports Charity Commission},
  note = {\url{https://www.gov.uk/government/news/public-trust-in-charities-has-fallen-reports-charity-commission}, accessed on 2022-01-18},
  version = {2.8},
  date = {2022-01-18}
}

@misc{bitgive,
  author = {{BitGive Foundation}},
  title = {Bitgive},
  note = {\url{https://www.bitgivefoundation.org/}, accessed on 2022-01-18}
}

@misc{binance,
  author = {{Binance Charity}},
  title = {Binance Charity},
  note = {\url{https://www.binance.charity/}, accessed on 2022-01-18}
}

@misc{giveBlock,
  author = {{The Giving Block}},
  title = {The Giving Block},
  note = {\url{https://thegivingblock.com/}, accessed on 2022-01-20}
}

@misc{engiven,
  author = {{Engiven}},
  title = {Engiven},
  note = {\url{https://engiven.com/}, accessed on 2022-01-20}
}

@misc{disberse,
  author = {Ben Joakim, Paul Currion},
  title = {{Disberse}},
  note = {\url{https://www.disberse.com/}, accessed on 2022-01-18}
}

@misc{alice,
  author = {{Alice SI}},
  title = {{Alice}},
  note = {\url{https://alice.si/}, accessed on 2022-01-18}
}

@misc{promisegive,
  author = {{The Promise Team}},
  title = {{Promise}},
  note = {\url{https://www.promisegiving.com/}, accessed on 2022-01-18}
}

@misc{progDon,
author = {Elsden, Chris and Trotter, Ludwig and Harding, Mike and Davies, Nigel and Speed, Chris and Vines, John},
year = {2019},
month = {03},
pages = {},
title = {Programmable Donations: Exploring Escrow-Based Conditional Giving},
doi = {10.1145/3290605.3300609}
}

@misc{weber,
author = {Weber, Ingo and Staples, Mark},
year = {2021},
month = {04},
pages = {},
title = {Programmable Money: Next-Generation Conditional Payments using Blockchain - Keynote paper},
doi = {10.5220/0010535800070014}
}

@misc{kela,
  author = {{Tieto Evry}},
  title = {Smart money leads the way to more customer-friendly and transparent services},
  note = {\url{
https://www.tietoevry.com/en/newsroom/all-news-and-releases/other-news/2020/03/smart-money-leads-the-way-to-more-customer-friendly-and\ -transparent-services/}, accessed on 2022-01-18},
  version = {2.8},
  date = {2022-01-18}
}

@article{psych,
  title={A Literature Review of Empirical Studies of Philanthropy},
  author={Ren{\'e} Bekkers and Pamala Wiepking},
  journal={Nonprofit and Voluntary Sector Quarterly},
  year={2010},
  volume={40},
  pages={924 - 973}
}

@article{philit,
  title={The Design Fictions of Philanthropic IT: Stuck Between an Imperfect Present and an Impossible Future},
  author={Ellie Harmon and Chris Bopp and Amy Voida},
  journal={Proceedings of the 2017 CHI Conference on Human Factors in Computing Systems},
  year={2017}
}

@article{willing,
author = {Arias-Oliva, Mario and Borondo, Jorge and Matias Clavero, Gustavo},
year = {2019},
month = {03},
pages = {475},
title = {Variables Influencing Cryptocurrency Use: A Technology Acceptance Model in Spain},
volume = {10},
journal = {Frontiers in Psychology},
doi = {10.3389/fpsyg.2019.00475}
}

@misc{tackle,
  author = {{Rhodri Davies}},
  title = {Block and Tackle:
Using blockchain technology to create and 
regulate civil society organisations},
  note = {\url{https://www.cafonline.org/about-us/publications/2016-publications/block-and-tackle-using-blockchain-technology-to-create-and-regulate/-civil-society-organisations}, accessed on 2022-01-20},
  version = {2.8},
  date = {2022-01-18}
}

@misc{pattern,
author = {Lu, Qinghua and Xu, Xiwei and Bandara, Dilum and Chen, Shiping and Zhu, Liming},
year = {2021},
month = {02},
pages = {},
title = {Patterns for Blockchain-Based Payment Applications}
}

@misc{royal,
  author = {{Royal, D., Rimba, P., Staples, M., Gilder, S., Tran, A., Williams, E., Ponomarev, A., Weber, I., Connor, C., Lim, N.}},
  title = {Making money smart: Empowering NDIS participants with blockchain technologies. Report by CSIRO and Commonwealth Bank of Australia,},
  note = {\url{https://data61.csiro.au/en/Our-Research/Our-Work/SmartMoney}, accessed on 2022-03-01}
}

@misc{remix,
  title = {{Remix - Ethereum IDE}},
  note = {\url{https://remix.ethereum.org/}, accessed on 2022-06-24}
}

@misc{Zeppelin,
    title = {{The standard for secure blockchain applications},
    note = {\url{https://www.openzeppelin.com/}, accessed on 2022-06-25}
}

@misc{Ether,
    title = {{Ethereum is the community-run technology powering the cryptocurrency ether (ETH) and thousands of decentralized applications.}},
    note = {\url{https://ethereum.org/en/}, accessed on 2022-06-30}
}

@misc{meta,
    title = {{A crypto wallet & gateway to blockchain apps}},
    note = {\url{https://metamask.io/}, accessed on 2022-07-01}
}

@misc{web3,
    title = {{The following documentation will guide you through installing and running web3.js as well as providing an API reference documentation with examples.}},
    note = {\url{https://web3js.readthedocs.io/en/v1.7.4/#}, accessed on 2022-07-01}
}

@misc{metastat,
    title = {{METAMASK STATISTICS 2022: HOW MANY PEOPLE USE METAMASK?}},
    note = {\url{https://earthweb.com/metamask-statistics/}, accessed on 2022-07-01}
}

@misc{overleaf,
  author = {{Overleaf c/o Digital Science}},
  title = {Overleaf},
  note = {\url{https://www.overleaf.com/project}, accessed on 2022-01-13}
}

@misc{bibtex,
  author = {Oren Patashnik},
  title = {Multirow Package},
  note = {\url{https://tug.org/bibtex/}, accessed on 2022-01-13},
  version = {0.99d},
  date = {2021-06-30}
}

@misc{algorithm2e,
author = {Christophe Fiorio},
  title = {algorithm2e Package},
  note = {\url{https://ctan.space-pro.be/tex-archive/macros/latex/contrib/algorithm2e/doc/algorithm2e.pdf}, accessed on 2022-01-17},
  version = {5.3},
 date = {2017-07-18}
}